@book{gomez2015,
	title     = {Lo que dijo Gómez para justificar los ejemplos de curso de ConTeXt},
	edition   = {1},
	author    = {Gómez, A.},
	year      = {2015},
	publisher = {Universidad de Marte},
	address   = {Monte Olimpo}
}